<?xml version="1.0" encoding="UTF-8"?>
<collection xmlns:xsi="http://www.w3.org/2001/XMLSchema-instance" xsi:schemaLocation="http://www.loc.gov/MARC21/slim http://www.loc.gov/standards/marcxml/schema/MARC21slim.xsd" xmlns="http://www.loc.gov/MARC21/slim">
<record>
  <leader>02376cam a2200313 a 4500</leader>
  <controlfield tag="001">5002241</controlfield>
  <controlfield tag="003">NNC</controlfield>
  <controlfield tag="005">20140127005227.0</controlfield>
  <controlfield tag="008">011002s1946    ua abc        001 0 arar|</controlfield>
  <datafield tag="035" ind1=" " ind2=" ">
    <subfield code="a">(OCoLC)122803755</subfield>
  </datafield>
  <datafield tag="035" ind1=" " ind2=" ">
    <subfield code="a">(OCoLC)ocn122803755</subfield>
  </datafield>
  <datafield tag="035" ind1=" " ind2=" ">
    <subfield code="a">(NNC)5002241</subfield>
  </datafield>
  <datafield tag="040" ind1=" " ind2=" ">
    <subfield code="a">UkMaJRU</subfield>
  </datafield>
  <datafield tag="043" ind1=" " ind2=" ">
    <subfield code="a">a-su---</subfield>
    <subfield code="a">ar-----</subfield>
  </datafield>
  <datafield tag="100" ind1="1" ind2=" ">
    <subfield code="6">880-01</subfield>
    <subfield code="a">Wahbah, Hafiz,</subfield>
    <subfield code="d">1889-</subfield>
  </datafield>
  <datafield tag="245" ind1="1" ind2="0">
    <subfield code="6">880-02</subfield>
    <subfield code="a">Jazīrat al-ʻArab fī al-qarn al-ʻishrin̄ :</subfield>
    <subfield code="b">ṭabīʻat Jazīrat al-ʻArab wa-ḥālatuhā al-ijtimāʻīyah al-ḥāḍirah. Daʻwat al-Wahhābīyah wa-tārīkhuhum wa-mabādiu̕hum. al-Ḥukūmāt al-ʻArabīyah allatī taʻāqabat ʻalá al-Jazīrah fī al-ʻuṣūr al-ḥadīthah. al-Thawrah al-ʻArabīyah. Āl Saʻūd wa-tārīkhuhum wa-aʻmāluhum. Mut̕amarāt al-ṣulḥ wa-al-muʻāhadāt. al-Wathāi̕q al-rasmīyah allatī dārat bayna ḥukūmat al-Ashrāf wa-Āl Saʻūd wa-Barīṭānīyā-- /</subfield>
    <subfield code="c">tal̕īf Ḥāfiẓ Wahbah.</subfield>
  </datafield>
  <datafield tag="250" ind1=" " ind2=" ">
    <subfield code="6">880-03</subfield>
    <subfield code="a">al-Ṭabʻah 2.</subfield>
  </datafield>
  <datafield tag="260" ind1=" " ind2=" ">
    <subfield code="6">880-04</subfield>
    <subfield code="a">al-Qāhirah :</subfield>
    <subfield code="b">Lajnat al-Tal̕īf wa-al-Tarjamah wa-al-Nashr,</subfield>
    <subfield code="c">1365 [1946].</subfield>
  </datafield>
  <datafield tag="300" ind1=" " ind2=" ">
    <subfield code="a">[11], 384 p., [26] leaves of plates (some folded) :</subfield>
    <subfield code="b">ill., maps, port ;</subfield>
    <subfield code="c">24 cm.</subfield>
  </datafield>
  <datafield tag="500" ind1=" " ind2=" ">
    <subfield code="a">At head of title : Lajnat al-Tal̕īf wa-al-Tarjamah wa-al-Nashr.</subfield>
  </datafield>
  <datafield tag="500" ind1=" " ind2=" ">
    <subfield code="a">Includes indexes.</subfield>
  </datafield>
  <datafield tag="651" ind1=" " ind2="0">
    <subfield code="a">Saudi Arabia</subfield>
    <subfield code="x">History.</subfield>
  </datafield>
  <datafield tag="651" ind1=" " ind2="0">
    <subfield code="a">Arabian Peninsula</subfield>
    <subfield code="x">History</subfield>
    <subfield code="y">20th century.</subfield>
  </datafield>
  <datafield tag="651" ind1=" " ind2="0">
    <subfield code="a">Saudi Arabia</subfield>
    <subfield code="x">Description and travel.</subfield>
  </datafield>
  <datafield tag="651" ind1=" " ind2="0">
    <subfield code="a">Saudi Arabia</subfield>
    <subfield code="x">Politics and government.</subfield>
  </datafield>
  <datafield tag="880" ind1="1" ind2=" ">
    <subfield code="6">100-01/(3/r</subfield>
    <subfield code="a">وهبة، حافظ,</subfield>
    <subfield code="d">1889-.</subfield>
  </datafield>
  <datafield tag="880" ind1="1" ind2="0">
    <subfield code="6">245-02/(3/r</subfield>
    <subfield code="a">جزيرة العرب فى القرن العشرين :</subfield>
    <subfield code="b">طبيعة جزيرة العرب وحالتها الاجتماعية الحاضرة ؛ دعوة الوهابيين وتاريخهم ومبادئهم ؛ الحكومات العربية التى تعاقبت فلى الجزيرة فى العصور الحديثة ؛ الثورة العربية ؛ آل سعود وتاريخهم وأعمالهم ؛ مؤتمرات الصلح والمعاهدات ؛ الوثائق الرسمية التى دارات بين الأشراف وآل سعود وبريطانيا /</subfield>
    <subfield code="c">تأليف حافظ وهبة.</subfield>
  </datafield>
  <datafield tag="880" ind1=" " ind2=" ">
    <subfield code="6">250-03/(3/r</subfield>
    <subfield code="a">الطعبة ٢.</subfield>
  </datafield>
  <datafield tag="880" ind1=" " ind2=" ">
    <subfield code="6">260-04/(3/r</subfield>
    <subfield code="a">القاهرة :</subfield>
    <subfield code="b">لجنة التأليف والترجمة والنشر،</subfield>
    <subfield code="c">٥٦٣١ [٦٤٩١].</subfield>
  </datafield>
  <datafield tag="955" ind1=" " ind2=" ">
    <subfield code="b">CU02196999</subfield>
    <subfield code="d">off,glx</subfield>
    <subfield code="e">DS244 .W33 1946g</subfield>
  </datafield>
</record>
</collection>